%% This BibTeX bibliography file was created using BibDesk.
%% http://bibdesk.sourceforge.net/


%% Created for Christopher Schommer-Pries at 2011-10-07 16:24:50 -0400 


%% Saved with string encoding Unicode (UTF-8) 

@article{bartlett, Note = {Bruce's thesis}}

@article{egno, Note = {EGNO}}

@article{eno, Note = {ENO}}

@article{segal-cct, Note = {Segal-Categories and Cohomology Theories}}

@article{eno-radford,
	Author = {Etingof, Pavel and Nikshych, Dmitri and Ostrik, Viktor},
	Date-Added = {2011-10-07 16:24:38 -0400},
	Date-Modified = {2011-10-07 16:24:38 -0400},
	Doi = {10.1155/S1073792804141445},
	Fjournal = {International Mathematics Research Notices},
	Issn = {1073-7928},
	Journal = {Int. Math. Res. Not.},
	Mrclass = {18D10 (16W30)},
	Mrnumber = {2097289 (2005m:18007)},
	Mrreviewer = {Ruth Lawrence},
	Number = {54},
	Pages = {2915--2933},
	Title = {An analogue of {R}adford's {$S^4$} formula for finite tensor categories},
	Url = {http://dx.doi.org/10.1155/S1073792804141445},
	Year = {2004},
	Bdsk-Url-1 = {http://www.ams.org/mathscinet-getitem?mr=2097289}}

@incollection{deligne,
	Address = {Boston, MA},
	Author = {Deligne, P.},
	Booktitle = {The {G}rothendieck {F}estschrift, {V}ol.\ {II}},
	Date-Added = {2011-10-07 15:47:55 -0400},
	Date-Modified = {2011-10-07 15:47:55 -0400},
	Mrclass = {14A99 (12H05 18A99)},
	Mrnumber = {1106898 (92d:14002)},
	Mrreviewer = {James Milne},
	Pages = {111--195},
	Publisher = {Birkh{\"a}user Boston},
	Series = {Progr. Math.},
	Title = {Cat{\'e}gories tannakiennes},
	Volume = {87},
	Year = {1990},
	Bdsk-Url-1 = {http://www.ams.org/mathscinet-getitem?mr=1106898}}

@book{maclane,
	Address = {New York},
	Author = {MacLane, Saunders},
	Date-Added = {2011-10-07 15:44:29 -0400},
	Date-Modified = {2011-10-07 15:44:29 -0400},
	Mrclass = {18-02},
	Mrnumber = {0354798 (50 \#7275)},
	Mrreviewer = {H.-B. Brinkmann},
	Note = {Graduate Texts in Mathematics, Vol. 5},
	Pages = {ix+262},
	Publisher = {Springer-Verlag},
	Title = {Categories for the working mathematician},
	Year = {1971},
	Bdsk-Url-1 = {http://www.ams.org/mathscinet-getitem?mr=0354798}}

@incollection{lurie-ch,
	Author = {Lurie, Jacob},
	Booktitle = {Current developments in mathematics, 2008},
	Date-Added = {2011-10-07 12:02:02 -0400},
	Date-Modified = {2011-10-07 12:02:02 -0400},
	Mrclass = {57R56 (18D10 18G30 57R15 57R75)},
	Mrnumber = {2555928 (2010k:57064)},
	Mrreviewer = {Julia Bergner},
	Pages = {129--280},
	Publisher = {Int. Press, Somerville, MA},
	Title = {On the classification of topological field theories},
	Year = {2009},
	Bdsk-Url-1 = {http://www.ams.org/mathscinet-getitem?mr=2555928}}

@article{Karoubi68,
	Author = {Karoubi, Max},
	Date-Added = {2010-04-22 15:32:00 -0400},
	Date-Modified = {2010-04-22 15:32:17 -0400},
	Fjournal = {Annales Scientifiques de l'{\'E}cole Normale Sup{\'e}rieure. Quatri{\`e}me S{\'e}rie},
	Issn = {0012-9593},
	Journal = {Ann. Sci. {\'E}cole Norm. Sup. (4)},
	Mrclass = {18.20 (55.00)},
	Mrnumber = {MR0238927 (39 \#287)},
	Mrreviewer = {J. F. Adams},
	Pages = {161--270},
	Title = {Alg{\`e}bres de {C}lifford et {$K$}-th{\'e}orie},
	Volume = {1},
	Year = {1968},
	Bdsk-Url-1 = {http://www.ams.org.ezp-prod1.hul.harvard.edu/mathscinet-getitem?mr=0238927}}

@article{DGN09,
	Abstract = {This work is a detailed version of},
	Author = {Vladimir Drinfeld and Shlomo Gelaki and Dmitri Nikshych and Victor Ostrik},
	Date-Added = {2010-04-22 11:01:17 -0400},
	Date-Modified = {2010-04-22 11:04:05 -0400},
	Eprint = {0906.0620v3},
	Month = {06},
	Title = {On braided fusion categories I},
	Url = {http://arxiv.org/abs/0906.0620v3},
	Year = {2009},
	Bdsk-Url-1 = {http://arxiv.org/abs/0906.0620v3}}

@article{Tambara01,
	Author = {Tambara, D.},
	Coden = {JALGA4},
	Date-Added = {2010-04-22 07:35:45 -0400},
	Date-Modified = {2010-04-22 07:36:45 -0400},
	Doi = {10.1006/jabr.2001.8771},
	Fjournal = {Journal of Algebra},
	Issn = {0021-8693},
	Journal = {J. Algebra},
	Mrclass = {16W30 (16D90 16S40 18D10)},
	Mrnumber = {MR1843311 (2002h:16063)},
	Mrreviewer = {Bodo Pareigis},
	Number = {2},
	Pages = {515--547},
	Title = {A duality for modules over monoidal categories of representations of semisimple {H}opf algebras},
	Url = {http://dx.doi.org/10.1006/jabr.2001.8771},
	Volume = {241},
	Year = {2001},
	Bdsk-Url-1 = {http://www.ams.org.ezp-prod1.hul.harvard.edu/mathscinet-getitem?mr=1843311}}

@incollection{KV94,
	Address = {Providence, RI},
	Author = {Kapranov, M. M. and Voevodsky, V. A.},
	Booktitle = {Algebraic groups and their generalizations: quantum and infinite-dimensional methods ({U}niversity {P}ark, {PA}, 1991)},
	Date-Added = {2010-04-20 15:33:08 -0400},
	Date-Modified = {2010-04-20 15:33:22 -0400},
	Mrclass = {18D05 (17B37 81R50)},
	Mrnumber = {MR1278735 (95f:18011)},
	Mrreviewer = {R. H. Street},
	Pages = {177--259},
	Publisher = {Amer. Math. Soc.},
	Series = {Proc. Sympos. Pure Math.},
	Title = {{$2$}-categories and {Z}amolodchikov tetrahedra equations},
	Volume = {56},
	Year = {1994}}
