%% This BibTeX bibliography file was created using BibDesk.
%% http://bibdesk.sourceforge.net/


%% Created for Christopher Schommer-Pries at 2010-04-20 15:33:22 -0400 


%% Saved with string encoding Unicode (UTF-8) 



@incollection{KV94,
	Address = {Providence, RI},
	Author = {Kapranov, M. M. and Voevodsky, V. A.},
	Booktitle = {Algebraic groups and their generalizations: quantum and infinite-dimensional methods ({U}niversity {P}ark, {PA}, 1991)},
	Date-Added = {2010-04-20 15:33:08 -0400},
	Date-Modified = {2010-04-20 15:33:22 -0400},
	Mrclass = {18D05 (17B37 81R50)},
	Mrnumber = {MR1278735 (95f:18011)},
	Mrreviewer = {R. H. Street},
	Pages = {177--259},
	Publisher = {Amer. Math. Soc.},
	Series = {Proc. Sympos. Pure Math.},
	Title = {{$2$}-categories and {Z}amolodchikov tetrahedra equations},
	Volume = {56},
	Year = {1994}}
